@article{Kralik,
  author = {Kralik},
  journal = {Nuclear Physics B},
  title = {{Kralikarna in the reaction $pp \rightarrow pp \pi^{+} \pi^{-} $ at 69 GeV/$c$}},
  year = {1975},
  pages = {189-203},
  volume = {98},
  number = {2},
  ISSN = {0550-3213},
  DOI = {https://doi.org/10.1016/0550-3213(75)90428-9},
  URL = {http://www.sciencedirect.com/science/article/pii/0550321375904289},
}


@book{PanMysak,
  author = {Pan Mysak},
  title = {Koucor v bote},
  publisher = {Springer},
  address = {New York},
  year = {2002},
  ISBN = {35-404-2107-6},
}


@article{Manual,
  author = {{Precision and Vacuum Technology}},
  title = {{ES40-PS Electron Source Power Supply}},
  subtitle = {OPERATING MANUAL},
  year = {February 2018},
  edition = {1},
  URL = {http://www.sciencedirect.com/science/article/pii/0550321375904289},
}


@Book{tipler1987,
 author = {Tipler, Paul},
 title = {College physics},
 publisher = {Worth Publishers},
 year = {1987},
 address = {New York, NY},
 isbn = {9780879012687}
 }

 @Book{kracik,
 author = {Kracík, J. and Slavík, J. B. and Tobiáš, J. },
 title = {Elektrické výboje},
 publisher = {Státní nakladateltsví technické literatury},
 year = {1964},
 address = {Praha}
 }
 
 @article{Husain1982,
  doi = {10.1109/tei.1982.298506},
  url = {https://doi.org/10.1109/tei.1982.298506},
  year = {1982},
  month = aug,
  publisher = {Institute of Electrical and Electronics Engineers ({IEEE})},
  volume = {{EI}-17},
  number = {4},
  pages = {350--353},
  author = {E. Husain and R. S. Nema},
  title = {Analysis of Paschen Curves for air,  N2 and {SF}6 Using the Townsend Breakdown Equation},
  journal = {{IEEE} Transactions on Electrical Insulation}
}

@online{edu-techmania,
  author = {Králová, M.},
  title = {Výboj při sníženém tlaku},
  url = {https://edu.techmania.cz/cs/encyklopedie/fyzika/elektricky-proud/elektricky-proud-v-plynech/vyboj-pri-snizenem-tlaku},
  urldate = {2019-07-18}
}

@article{Bozhko,
      author         = "Bozhko, Y. and Barnard, J. and Hilleret, N.",
      title          = "{Measurements of the Secondary Electron Emission of Some
                        Insulators}",
      year           = "1997",
      eprint         = "1302.2333",
      archivePrefix  = "arXiv",
      primaryClass   = "physics.acc-ph",
      SLACcitation   = "%%CITATION = ARXIV:1302.2333;%%"
}

@article{Martins2011,
  doi = {10.1016/j.phpro.2011.08.010},
  url = {https://doi.org/10.1016/j.phpro.2011.08.010},
  year = {2011},
  publisher = {Elsevier {BV}},
  volume = {20},
  pages = {112--119},
  author = {A.A. Martins and M.J. Pinheiro},
  title = {On the propulsive force developed by asymmetric capacitors in a vacuum},
  journal = {Physics Procedia}
}

@TechReport{ellion,
author = {Ellion, M. Edmund},
title = {A Study of Electrical Discharge in Low-Pressure Air},
institution = {Jet Propulsion Laboratory},
year = {1965},
}